@article{Kubota2005,
author = {Kubota, Takashi and Kunii, Yasuharu and Kuroda, Yoji},
journal = {Journal of Earth System Science},
keywords = {Central peak exploration,Lander and rover co-operation,Lunar robotics exploration,Micro manipulator,Micro rover},
number = {6},
pages = {777--785},
title = {{Japanese lunar robotics exploration by co-operation with lander and rover}},
volume = {114},
year = {2005}
}
@inproceedings{Giordano2009,
address = {Kobe, Japan},
author = {Giordano, P Robuffo and Fuchs, M and Albu-Sch{\"{a}}ffer, A and Hirzinger, G},
booktitle = {IEEE International Conference on Robotics and Automation (ICRA '09)},
pages = {4080--4087},
title = {{On the Kinematic Modeling and Control of a Mobile Platform Equipped with Steering Wheels and Movable Legs}},
year = {2009}
}